@article{binome,
  author    = {Lucas Rivoal},
  note      = {groupe b15},
  title     = {porte-parole},
  year      = {2024},
}